%--------------------------------------------
%--------------------------------------------
%--------------------------------------------
%
%	LIBROS
%· Autor(es) personal(es) o institucional
%· Título de la publicación
%· Número de la edición (excepto la primera edición)
%· Lugar de publicación
%· Editorial
%· Año de publicación
%· Paginación (si se trata de obras con más de un volumen, se debe indicar el no del volumen sin mencionar la paginación).
%· Nota de serie
%
% BOOK{ "" ,
% author = {""},
% title = {""},
% edition = "",
% adress = {""},
% publisher = {""},
% year = "",
% pages = {""},
% series = {""}
% }

%	ARTÍCULOS
% Autor (es) del artículo
% Título del artículo
% Título de la revista (Subrayado)
% Volumen (cuando la revista lo incluye)
% Número entre paréntesis
% Paginación (precedida de dos puntos)
% Fecha de publicación (indicar mes y año)

% ARTICLE{ "" ,
% author = {""},
% title = {""},
% journal = {""},
% volume = "",
% number = "",
% pages = {""},
% month = ""
% year = ""
% }

%--------------------------------------------
%--------------------------------------------
%--------------------------------------------


@BOOK{LIBRO:liu-intro,
author = {G.R. Liu and
Y.T. Gu},
title = {An Introduction to Meshfree Methods and Their Programming},
adress = {Países Bajos},
publisher = {Springer},
year = {2005},
pages = {},
series = {},
}
%edition = 1,

@BOOK{liu-mf,
author = {Gui-Rong Liu},
title = {Meshfree Methods: Moving Beyond the Finite Element Methods},
adress = {Estados Unidos},
publisher = {CRC Press},
year = 2002,
pages = {},
series = {}
}
%edition = 1,

@ARTICLE{jaynes,
author = {E. T. Jaynes},
title = {Information Theory and Stadistical Mechanics},
journal = {The Physical Review},
volume = 106,
number = 4,
pages = {620-630},
month = {mayo},
year = 1957
}

@ARTICLE{shannon,
author = {C.E. Shannon},
title = {A Mathematical Theory of Communication},
journal = {The Bell System Technical Journal},
volume = 27,
number = 3,
pages = {379-423},
month = {julio},
year = 1948
}

@BOOK{opt-convx,
author = {Stephen Boyd and
		 Lieven Vandenberghe},
title = {Convex Optimization},
adress = {Estados Unidos},
publisher = {Cambridge University Press},
year = 2004,
pages = {},
series = {}
}
%edition = 1,

@ARTICLE{marchant,
author = {Franco Perazzo and
		 Felipe Marchant},
title = {Análisis comparativo entre funciones de forma maxent y wea weaweaweasdawe de mínimos cuadrados ponderados en un método sin malla de colocación},
journal = {Revista Internacional de Métodos Numéricos para Cálculo y Diseño en Ingeniería},
volume = 33,
number = {3-4},
pages = {290-298},
month = {octubre},
year = 2016
}

@ARTICLE{paper:sang-hoon_error_estimates,
author = {Sang-Hoon Park and
		 Kie-Chan Kwon and
		 Sung-Kie Youn},
title = {A posteriori error estimates and an adaptive scheme of least-squares meshfree method},
journal = {International Journal for Numerical Methods in Engineering},
volume = 58,
number = 8,
pages = {1213-1250},
month = {octubre},
year = 2003
}

%test de rachford wheeler
@BOOK{LIBRO:rachford-wheeler,
author = {Carl de Boor},
editor = {H.H. Rachford and M.F. Wheeler},
title = {Mathematical Aspects of Finite Elements in Partial Differential Equations},
booktitle = {Mathematical Aspects of Finite Elements in Partial Differential Equations},
chapter = 12,
publisher = {Academic Press},
year = {1974},
pages = {353–382},
series = {},
edition = 1,
}

